<record><leader>00000cas a2200000 a 4500</leader><controlfield tag="001">18045905</controlfield><controlfield tag="008">880607c188u9999nyuwr ne      0    0eng c</controlfield><datafield ind1=" " ind2=" " tag="010"><subfield code="a">sn 88074490 </subfield></datafield><datafield ind1=" " ind2=" " tag="040"><subfield code="a">NYS</subfield><subfield code="b">eng</subfield><subfield code="c">NYS</subfield><subfield code="d">OCLCQ</subfield><subfield code="d">OCLCF</subfield><subfield code="d">OCLCO</subfield></datafield><datafield ind1="1" ind2=" " tag="029"><subfield code="a">AU@</subfield><subfield code="b">000020519807</subfield></datafield><datafield ind1=" " ind2=" " tag="042"><subfield code="a">pcc</subfield></datafield><datafield ind1=" " ind2=" " tag="043"><subfield code="a">n-us-ny</subfield></datafield><datafield ind1="0" ind2=" " tag="130"><subfield code="a">Granville sentinel (Granville, N.Y. : 1885)</subfield></datafield><datafield ind1="1" ind2="4" tag="245"><subfield code="a">The Granville sentinel.</subfield></datafield><datafield ind1="3" ind2="0" tag="246"><subfield code="a">Semi-weekly sentinel</subfield></datafield><datafield ind1=" " ind2=" " tag="260"><subfield code="a">Granville, N.Y. :</subfield><subfield code="b">[s.n.]</subfield></datafield><datafield ind1=" " ind2=" " tag="300"><subfield code="a">v.</subfield></datafield><datafield ind1=" " ind2=" " tag="310"><subfield code="a">Weekly,</subfield><subfield code="b">&lt;May 13, 1892&gt;-</subfield></datafield><datafield ind1=" " ind2=" " tag="321"><subfield code="a">Weekly,</subfield><subfield code="b">&lt;1885-Aug. 1891&gt;</subfield></datafield><datafield ind1=" " ind2=" " tag="321"><subfield code="a">Semiweekly,</subfield><subfield code="b">&lt;Aug. 1891-Apr. 18, 1892&gt;</subfield></datafield><datafield ind1=" " ind2=" " tag="500"><subfield code="a">Published a "special semiweekly ed." in 1891-1892, with one issue a week continuing the volume and issue numbering of the weekly, the other issue of the week starting a new numbering cycle and called: Semi-weekly sentinel, &lt;Aug. 1891&gt;-Oct. 26, 1891; Granville sentinel, Nov. 2, 1891-Apr. 18, 1892.</subfield></datafield><datafield ind1=" " ind2=" " tag="588"><subfield code="a">Description based on: Vol. 11, no. 6 (Oct. 9, 1885).</subfield></datafield><datafield ind1=" " ind2="0" tag="651"><subfield code="a">Granville (N.Y.)</subfield><subfield code="v">Newspapers.</subfield></datafield><datafield ind1=" " ind2="0" tag="651"><subfield code="a">Washington County (N.Y.)</subfield><subfield code="v">Newspapers.</subfield></datafield><datafield ind1=" " ind2="7" tag="655"><subfield code="a">Newspapers.</subfield><subfield code="2">fast</subfield><subfield code="0">(OCoLC)fst01423814</subfield></datafield><datafield ind1=" " ind2="7" tag="651"><subfield code="a">New York (State)</subfield><subfield code="z">Granville.</subfield><subfield code="2">fast</subfield><subfield code="0">(OCoLC)fst01230017</subfield></datafield><datafield ind1=" " ind2="7" tag="651"><subfield code="a">New York (State)</subfield><subfield code="z">Washington County.</subfield><subfield code="2">fast</subfield><subfield code="0">(OCoLC)fst01220667</subfield></datafield><datafield ind1=" " ind2=" " tag="752"><subfield code="a">United States</subfield><subfield code="b">New York</subfield><subfield code="c">Washington</subfield><subfield code="d">Granville.</subfield></datafield><datafield ind1="0" ind2="0" tag="780"><subfield code="t">Semi-weekly sentinel (Granville, N.Y.)</subfield><subfield code="w">(DLC)sn 87070286</subfield></datafield></record>